@misc{flex-manual,
	title = {{Lexical Analysis With Flex, for Flex 2.6.2: Top}},
	year = {2016},
	month = {Oct},
	url = {https://westes.github.io/flex/manual}
}

@misc{flex-wiki,
	title = {{Flex (lexical analyser generator) - Wikipedia}},
	year = {2018},
	month = {Oct},
	url = {https://en.wikipedia.org/wiki/Flex_(lexical_analyser_generator)}
}

@misc{return-stmt,
	title = {{IBM Knowledge Center - Using yylex()}},
	year = {2018},
	month = {Oct},
	url = {https://www.ibm.com/support/knowledgecenter/en/SSLTBW_2.3.0/com.ibm.zos.v2r3.bpxa600/bpxa673.htm}
}

@misc{yywrap,
	title = {{What is use of yywrap() in LEX? - Quora}},
	year = {2018},
	month = {Oct},
	url = {https://www.quora.com/What-is-use-of-yywrap-in-LEX}
}

@misc{yywrap-yyin,
	title = {{The Flex Manual Page}},
	year = {2006},
	month = {Mar},
	note = {[Online; accessed 25. Oct. 2018]},
	url = {http://dinosaur.compilertools.net/flex/manpage.html}
}
