@misc{iso,
	year = {2005},
	month = {May},
	url = {http://www.open-std.org/jtc1/sc22/wg14/www/docs/n1124.pdf},
	howpublished = "\url{http://www.open-std.org/jtc1/sc22/wg14/www/docs/n1124.pdf}"
}

@misc{source-code,
	title = {{GitHub: quangtung97-study/20181-compiler}},
	journal = {GitHub},
	url = {https://github.com/quangtung97-study/20181-compiler/tree/master/mini-C},
	howpublished = "\url{https://github.com/quangtung97-study/20181-compiler/tree/master/mini-C}"
}
