@misc{wikipedia,
	title = {{GNU Bison - Wikipedia}},
	url = {https://en.wikipedia.org/wiki/GNU_Bison},
    howpublished = "\url{https://en.wikipedia.org/wiki/GNU_Bison}"
}

@misc{grammar-file,
	title = {{Grammar Outline (Bison 3.2.1)}},
	url = {https://www.gnu.org/software/bison/manual/html_node/Grammar-Outline.html#Grammar-Outline},
	howpublished = "\url{https://www.gnu.org/software/bison/manual/html_node/Grammar-Outline.html#Grammar-Outline}"
}

@misc{prologue,
	title = {{Prologue (Bison 3.2.1)}},
	url = {https://www.gnu.org/software/bison/manual/html_node/Prologue.html#Prologue},
	howpublished = "\url{https://www.gnu.org/software/bison/manual/html_node/Prologue.html#Prologue}"
}
